@article{bayindir2016review,
  title={A review of swarm robotics tasks},
  author={Bay{\i}nd{\i}r, Levent},
  journal={Neurocomputing},
  volume={172},
  pages={292--321},
  year={2016},
  publisher={Elsevier}
}


@article{brambilla2013swarm,
  title={Swarm robotics: a review from the swarm engineering perspective},
  author={Brambilla, Manuele and Ferrante, Eliseo and Birattari, Mauro and Dorigo, Marco},
  journal={Swarm Intelligence},
  volume={7},
  pages={1--41},
  year={2013},
  publisher={Springer}
}


@article{rubio2019review,
  title={A review of mobile robots: Concepts, methods, theoretical framework, and applications},
  author={Rubio, Francisco and Valero, Francisco and Llopis-Albert, Carlos},
  journal={International Journal of Advanced Robotic Systems},
  volume={16},
  number={2},
  pages={1729881419839596},
  year={2019},
  publisher={SAGE Publications Sage UK: London, England}
}


@article{bayindir2007review,
  title={A review of studies in swarm robotics},
  author={Bayindir, Levent and {\c{S}}ahin, Erol},
  journal={Turkish Journal of Electrical Engineering and Computer Sciences},
  volume={15},
  number={2},
  pages={115--147},
  year={2007}
}


@article{navarro2013introduction,
  title={An introduction to swarm robotics},
  author={Navarro, I{\~n}aki and Mat{\'\i}a, Fernando},
  journal={Isrn robotics},
  volume={2013},
  pages={1--10},
  year={2013},
  publisher={Hindawi Limited}
}



@article{olaronke2020systematic,
  title={A systematic review of swarm robots},
  author={Olaronke, Iroju and Rhoda, Ikono and Gambo, Ishaya and Ojerinde, OA and Janet, Olaleke},
  year={2020},
  publisher={Current Journal of Applied Science and Technology}
}


@inproceedings{csahin2005swarm,
  title={Swarm robotics: From sources of inspiration to domains of application},
  author={{\c{S}}ahin, Erol},
  booktitle={Swarm Robotics: SAB 2004 International Workshop, Santa Monica, CA, USA, July 17, 2004, Revised Selected Papers 1},
  pages={10--20},
  year={2005},
  organization={Springer}
}


@article{arai2002advances,
  title={Advances in multi-robot systems},
  author={Arai, Tamio and Pagello, Enrico and Parker, Lynne E and others},
  journal={IEEE Transactions on robotics and automation},
  volume={18},
  number={5},
  pages={655--661},
  year={2002}
}


@article{arulkumaran2017brief,
  title={A brief survey of deep reinforcement learning},
  author={Arulkumaran, Kai and Deisenroth, Marc Peter and Brundage, Miles and Bharath, Anil Anthony},
  journal={arXiv preprint arXiv:1708.05866},
  year={2017}
}



@article{watkins1992q,
  title={Q-learning},
  author={Watkins, Christopher JCH and Dayan, Peter},
  journal={Machine learning},
  volume={8},
  pages={279--292},
  year={1992},
  publisher={Springer}
}


@article{mnih2013playing,
  title={Playing atari with deep reinforcement learning},
  author={Mnih, Volodymyr and Kavukcuoglu, Koray and Silver, David and Graves, Alex and Antonoglou, Ioannis and Wierstra, Daan and Riedmiller, Martin},
  journal={arXiv preprint arXiv:1312.5602},
  year={2013}
}

@misc{ros2,
author="https://docs.ros.org/en/humble/index.html",
title="Ros2",
howpublished={\url{https://docs.ros.org/en/humble/index.html}},

url="https://docs.ros.org/en/humble/index.html"

}


@article{gong2022efficient,
  title={Efficient path planning for mobile robot based on deep deterministic policy gradient},
  author={Gong, Hui and Wang, Peng and Ni, Cui and Cheng, Nuo},
  journal={Sensors},
  volume={22},
  number={9},
  pages={3579},
  year={2022},
  publisher={MDPI}
}

@article{lillicrap2015continuous,
  title={Continuous control with deep reinforcement learning},
  author={Lillicrap, Timothy P and Hunt, Jonathan J and Pritzel, Alexander and Heess, Nicolas and Erez, Tom and Tassa, Yuval and Silver, David and Wierstra, Daan},
  journal={arXiv preprint arXiv:1509.02971},
  year={2015}
}



@inproceedings{diallo2020multi,
  title={Multi-agent pattern formation: a distributed model-free deep reinforcement learning approach},
  author={Diallo, Elhadji Amadou Oury and Sugawara, Toshiharu},
  booktitle={2020 International Joint Conference on Neural Networks (IJCNN)},
  pages={1--8},
  year={2020},
  organization={IEEE}
}


@inproceedings{long2018towards,
  title={Towards optimally decentralized multi-robot collision avoidance via deep reinforcement learning},
  author={Long, Pinxin and Fan, Tingxiang and Liao, Xinyi and Liu, Wenxi and Zhang, Hao and Pan, Jia},
  booktitle={2018 IEEE international conference on robotics and automation (ICRA)},
  pages={6252--6259},
  year={2018},
  organization={IEEE}
}



@article{ma2020multi,
  title={Multi-robot target encirclement control with collision avoidance via deep reinforcement learning},
  author={Ma, Junchong and Lu, Huimin and Xiao, Junhao and Zeng, Zhiwen and Zheng, Zhiqiang},
  journal={Journal of Intelligent \& Robotic Systems},
  volume={99},
  pages={371--386},
  year={2020},
  publisher={Springer}
}


@inproceedings{dong2020mobile,
  title={Mobile robot path planning based on improved ddpg reinforcement learning algorithm},
  author={Dong, Yuansheng and Zou, Xingjie},
  booktitle={2020 IEEE 11th International Conference on software engineering and service science (ICSESS)},
  pages={52--56},
  year={2020},
  organization={IEEE}
}



@article{quiroga2022position,
  title={Position control of a mobile robot through deep reinforcement learning},
  author={Quiroga, Francisco and Hermosilla, Gabriel and Farias, Gonzalo and Fabregas, Ernesto and Montenegro, Guelis},
  journal={Applied Sciences},
  volume={12},
  number={14},
  pages={7194},
  year={2022},
  publisher={MDPI}
}